<?xml version="1.0" encoding="UTF-8"?><collection xmlns="http://www.loc.gov/MARC21/slim"><record><leader>00342nam--2200133-i-4500</leader><controlfield tag="001">000046266</controlfield><controlfield tag="002">20161230</controlfield><controlfield tag="005">20161230201045</controlfield><controlfield tag="008">060222s1000------------r-----000-0-eng-d</controlfield><datafield ind1=" " ind2=" " tag="080"><subfield code="a">621.039.542</subfield></datafield><datafield ind1=" " ind2=" " tag="100"><subfield code="a">Van Winkler, R</subfield></datafield><datafield ind1=" " ind2=" " tag="245"><subfield code="a">Fuel let-down heat exchanger</subfield></datafield><datafield ind1=" " ind2=" " tag="260"><subfield code="a">Oak Ridge, Technical Inf.Service, 1954, 13p.Cu Fig</subfield></datafield><datafield ind1=" " ind2=" " tag="852"><subfield code="a">13135</subfield></datafield></record></collection>